@MastersThesis{MSckyriazis2008,
    author     =     {Kyriazis, Nikolaos},
    title     =     {{Induction of Context Free Grammars from Observations of Structured Time Processes}},
    school     =     {University of Crete},
    year     =     {2008},
    document={http://cvrlcode.ics.forth.gr/~kyriazis/wp-content/uploads/2013/01/thesis.pdf},
    desc={http://cvrlcode.ics.forth.gr/~kyriazis/?p=30}
}

@phdthesis{kyriazisPhd,
    author     =     {Kyriazis, Nikolaos},
    title     =     {{A computational framework for observing and understanding the interaction of humans with objects of their environment}},
    school     =     {University of Crete},
    year     =     {2014},
    document = {http://cvrlcode.ics.forth.gr/~kyriazis/paper_storage/thesis_sig.pdf}
}