@inproceedings{cvpr13kyriazis,
    author={Kyriazis, N. and Argyros, A.},
    title={Physically Plausible 3D Scene Tracking: The Single Actor Hypothesis},
    booktitle={CVPR},
    year={2013}
}

@inproceedings{icra13song,
    author={Song, D. and Kyriazis, N. and Oikonomidis, I. and Papazov, C. and Argyros, A. and Burscha, D. and Kragic, D.},
    title={Predicting Human Intention in Visual Observations of Hand/Object Interaction},
    booktitle={ICRA},
    year={2013}
}

@inproceedings{icra13patel,
    author={Patel, M. and Henrik, C. and Kyriazis, N. and Argyros, A. and Valls Miro, J. and Kragic, D.},
    title={Language for Learning Complex Human-Object Interactions},
    booktitle={ICRA},
    year={2013}
}
