@techreport{kyriazisTR420,
  title = {A GPU-powered computational framework for efficient 3D model-based vision},
  author = {\textbf{Kyriazis}, \textbf{Nikolaos} and Oikonomidis, I. and Argyros, A. },
  institution = {ICS-FORTH},
  year = {2011},
  month ={July},
  number = {TR420},
  document={http://www.ics.forth.gr/~argyros/mypapers/2011_07_tr420_gpuarch.pdf},
  desc={http://cvrlcode.ics.forth.gr/~kyriazis/?p=71}
}

@article{qammaz2018feasibility,
  title={On the Feasibility of Real-Time 3D Hand Tracking using Edge GPGPU Acceleration},
  author={Qammaz, Ammar and Kosta, Sokol and \textbf{Kyriazis}, \textbf{Nikolaos} and Argyros, Antonis},
  journal={arXiv preprint arXiv:1804.11256},
  year={2018}
}